% This file was created with JabRef 2.6.
% Encoding: UTF-8

@UNPUBLISHED{minimaxlaplace,
  author = {A. Gittens and J. Tropp},
  title = {Tail bounds for all eigenvalues of a sum of random matrices},
  note = {Preprint arXiv:1104.4513. April 2011},
  owner = {gittens},
  timestamp = {2011.08.11}
}

@UNPUBLISHED{dimensionfree,
  author = {D. Hsu and S.~M. Kakade and T. Zhang},
  title = {Dimension-free tail inequalities for sums of random matrices},
  note = {Preprint arXiv:1104.1672. April 2011},
  owner = {gittens},
  timestamp = {2011.08.11}
}

@BOOK{massartconcentration,
  title = {Concentration Inequalities and Model Selection},
  publisher = {Springer},
  year = {2007},
  editor = {J. Picard},
  author = {P. Massart},
  owner = {gittens},
  timestamp = {2011.08.11}
}

@comment{jabref-meta: selector_publisher:}

@comment{jabref-meta: selector_author:}

@comment{jabref-meta: selector_journal:}

@comment{jabref-meta: selector_keywords:}

